@book{dict_tweet,
	author    = {"tweet"},
	title     = "Merriam-Webster.com",
	publisher = "Merriam-Webster",
	year	  = "2017. Web. 20 June 2017"
}
@book{mitchell,
	author    = "Mitchell, T.",
	title     = "Machine Learning",
	publisher = "McGraw-Hill",
	year	  = "1997"
}
@book{nltk_book,
	title={Natural language processing with Python: analyzing text with the natural language toolkit},
	author={Bird, Steven and Klein, Ewan and Loper, Edward},
	year={2009},
	publisher={O'Reilly Media, Inc.}
}